@book{刘海洋2013LATEX,
	title={LATEX入门},
	author={刘海洋},
	publisher={LATEX入门},
	year={2013},
}

